@book{JC09,
author = "John Chambers",
year = 2009,
title = "Software for Data Analysis: Programming with R",
address   = "New York",
publisher = "Springer",
}
